<?xml version="1.0" encoding="UTF-8"?><record xmlns="http://www.loc.gov/MARC21/slim" xmlns:cinclude="http://apache.org/cocoon/include/1.0" xmlns:zs="http://www.loc.gov/zing/srw/">
  <leader>00712cz  a2200169n  4500</leader>
  <controlfield tag="001">n 2005011530</controlfield>
  <controlfield tag="003">DLC</controlfield>
  <controlfield tag="005">20090124081957.0</controlfield>
  <controlfield tag="008">050216n| acannaabn          |a ana      </controlfield>
  <datafield tag="010" ind1=" " ind2=" ">
    <subfield code="a">n 2005011530</subfield>
  </datafield>
  <datafield tag="035" ind1=" " ind2=" ">
    <subfield code="a">(OCoLC)oca06564352</subfield>
  </datafield>
  <datafield tag="040" ind1=" " ind2=" ">
    <subfield code="a">DLC</subfield>
    <subfield code="b">eng</subfield>
    <subfield code="c">DLC</subfield>
    <subfield code="d">DNGA</subfield>
  </datafield>
  <datafield tag="110" ind1="2" ind2=" ">
    <subfield code="a">Cedarhurst Center for the Arts</subfield>
  </datafield>
  <datafield tag="510" ind1="2" ind2=" ">
    <subfield code="w">a</subfield>
    <subfield code="a">Mitchell Museum at Cedarhurst</subfield>
  </datafield>
  <datafield tag="670" ind1=" " ind2=" ">
    <subfield code="a">Feldman, Joel. Annotated, 2004:</subfield>
    <subfield code="b">t.p. verso (Cedarhurst Center for the Arts, Mount Vernon, Ill.)</subfield>
  </datafield>
  <datafield tag="670" ind1=" " ind2=" ">
    <subfield code="a">Official mus. dir., 2008</subfield>
    <subfield code="b">(Cedarhurst Center for the Arts, Mount Vernon, Ill.; formerly: Mitchell Museum at Cedarhurst)</subfield>
  </datafield>
  <datafield tag="675" ind1=" " ind2=" ">
    <subfield code="a">Annual report, John R. and Eleanor R. Mitchell Foundation, 1995: p. 5 (Mitchell Museum at Cedarhurst)</subfield>
  </datafield>
</record>